2800 5267
1190 401 1429 452 XXXIII

172 570 455 641 mles-e
504 568 797 637 voluisse
838 569 1102 640 videtur
1122 624 1140 653 ,
1188 591 1383 661 quam
1433 572 1752 641 Historiae
1794 571 2077 641 Arabum
2120 571 2470 651 literar-iae,

176 710 325 779 qm
362 688 747 757 Zamalffiart
780 690 943 760 item
990 693 1061 758 in
1107 691 1545 782 componendo
1584 690 1819 778 Ala-‚5³³3
1850 690 1982 760 ’Ξει
2023 693 2304 761 maxime
2335 695 2492 781 spei

196 820 373 901 atha,
400 828 473 888 et
494 820 747 910 ἔδῃ-ιτ,
779 828 857 888 ut
891 839 973 890 ex
1005 821 1159 889 solis
1183 820 1392 891 titulis
1434 821 1780 892 Librorum
1803 873 1825 902 ,
1871 841 2034 911 quos
2066 821 2477 911 conscripsit,

212 960 264 1019 et
286 951 374 1020 th
412 941 677 1018 Kallik.
724 958 1066 1019 enumerat
1109 951 1188 1020 N.
1219 983 1299 1021 Ao·
1348 952 1474 1044 (ed.
1519 953 1857 1022 Wusrnnr.
1903 971 1965 1040 p.
1998 952 2116 1041 t),
2173 959 2479 1052 apparet,

214 1077 329 1147 ὣ
362 1077 653 1147 amabat.
773 1077 912 1147 Non
951 1082 1161 1148 omnia
1218 1102 1371 1171 ergo
1419 1082 1558 1152 loca
1604 1084 1978 1171 homonyma
2017 1082 2086 1148 in
2142 1080 2326 1148 illum
2372 1079 2477 1147 Li-

206 1198 335 1266 km
381 1198 691 1287 recepit,
760 1197 874 1265 sed
934 1220 1011 1267 ea
1074 1208 1373 1281 tantum,
1434 1185 1601 1291 q'uae
1661 1204 1732 1269 in
1804 1200 2198 1269 Carminibus
2261 1197 2480 1277 obvia,

200 1318 467 1386 urebas
496 1317 712 1405 gestis
730 1368 752 1396 ,
783 1326 849 1385 et
879 1338 997 1406 per
1037 1320 1239 1387 claros
1267 1320 1474 1401 Viros,
1500 1321 1782 1389 nominis
1814 1318 2252 1388 celebritatem
2294 1324 2484 1384 nacta

200 1446 343 1505 emt.
426 1436 833 1525 Diligenter
853 1435 995 1506 ideo
1043 1436 1345 1507 Carmina
1390 1440 1627 1519 tradit,
1673 1438 2023 1508 Historiam
2071 1457 2260 1528 saepe
2301 1456 2481 1526 egre-

186 1557 265 1643 gie
288 1555 724 1636 illustrantia,
769 1576 935 1645 quae
977 1577 1131 1626 vero
1169 1559 1235 1625 in
1275 1563 1345 1626 2⁸
1377 1559 1657 1628 editione
1703 1559 1771 1626 in
1808 1555 2259 1646 compendium
2292 1555 2485 1645 vulgo

186 1675 429 1752 redacta,
471 1678 559 1744 in·
604 1675 834 1764 priore
877 1675 1127 1765 plenius
1184 1676 1565 1766 plerumque
1609 1687 1867 1768 recepta
1906 1687 2061 1746 suut
2088 1687 2143 1747 ⁶.
2234 1677 2365 1746 Nec
2406 1674 2486 1744 de

191 1797 357 1866 rosus
392 1794 590 1864 modo
624 1815 713 1864 ea
751 1794 991 1877 affert,
1022 1814 1188 1884 quae
1233 1795 1492 1865 aliunde
1534 1796 1817 1866 nondum
1877 1777 2326 1877 innotuerant,
2375 1795 2483 1865 sed

200 1914 393 1982 hams
429 1916 645 1983 etiam
698 1913 875 1981 Viris
913 1911 1121 1982 doctis
1162 1915 1404 2003 passim
1448 1913 1739 1996 disserit,
1783 1936 1863 1985 ac
1918 1916 1998 1986 de
2042 1918 2330 2007 ipsorum
2376 1902 2489 1984 no-

206 2023 445 2116 ffis,
473 2032 792 2121 scriptis,
816 2013 1413 2114 vicissitudinibus,
1444 2041 1510 2104 et
1542 2035 1772 2102 mortis
1814 2053 2020 2117 anno,
2060 2036 2271 2106 multa
2303 2056 2491 2126 saepe

200 2151 333 2221 ἀεὶ
371 2155 556 2222 scitu
605 2151 1019 2240 dignissima.
1111 2152 1282 2221 Haec
1324 2171 1477 2221 vero
1538 2150 1647 2221 hic
1699 2155 1993 2242 attigisse
2038 2154 2360 2231 sufficiat;
2403 2193 2493 2206 -—

64 2329 83 2348 .
202 2269 354 2342 Q
394 2293 563 2343 vero
619 2270 821 2360 opera
884 2268 1227 2339 videndum
1250 2324 1269 2352 ,
1317 2269 1636 2360 quomodo
1680 2267 1910 2341 Noster
1956 2292 2115 2342 usus
2162 2274 2248 2340 sit
2304 2271 2494 2341 Libro

250 2422 693 2600 Fateor-5:12
751 2527 945 2598 etiam
991 2527 1430 2617 quaestionem
1477 2525 1762 2620 ,demum
1806 2527 1888 2596 ab
1943 2529 2120 2597 omui
2165 2537 2349 2618 parte
2391 2530 2497 2599 ab·

186 2647 311 2716 snivi
341 2668 577 2741 poese‚
646 2647 704 2714 si
763 2644 1019 2736 quaudo
1065 2644 1240 2735 Opus
1285 2644 1446 2715 illud
1484 2646 1659 2735 iuris
1717 2636 1960 2737 publici
2027 2649 2272 2718 factum
2328 2650 2497 2729 erit,

184 2767 337 2856 cuju
391 2775 633 2836 noster
690 2764 885 2833 Liber
930 2745 1291 2868 excerptum
1354 2765 1544 2836 modo
1612 2766 1874 2836 exhibet
1895 2819 1916 2848 ,
1974 2788 2051 2836 ac
2117 2787 2305 2856 saepe
2347 2757 2495 2836 'non

189 2887 287 2954 nisi
320 2888 515 2956 iada
569 2893 711 2962 est:
757 2904 837 2953 ex
894 2884 1118 2953 multis
1164 2892 1382 2952 tamen
1428 2884 1632 2968 locis,
1691 2888 1826 2955 sive
1871 2887 2008 2976 jam
2037 2886 2217 2954 alibi
2267 2886 2503 2970 editis,

188 3006 289 3073 ἐπε
310 3026 346 3074 a
382 3006 583 3075 nobis
635 3003 883 3073 collatis
905 3056 926 3084 ,
971 3003 1144 3072 haud
1188 3022 1394 3094 pauca
1434 3004 1572 3093 jam
1613 3007 2066 3094 innotuerunt,
2113 3025 2278 3094 quae
2313 3025 2501 3093 quae-

200 3125 341 3193 n'mi
377 3126 613 3194 lucem
659 3122 1023 3191 affundunt.
1669 3105 1711 3122 '⁰

266 3240 478 3312 noster
525 3244 601 3310 in
642 3241 1045 3311 Praefatione
1084 3242 1391 3314 nonnulla
1417 3242 1555 3331 jam
1598 3242 1735 3331 ipse
1766 3240 2120 3322 indicavit,
2168 3260 2330 3330 quae
2376 3241 2505 3308 huc

195 3364 505 3446 punem„
608 3361 956 3429 Profitetur
1000 3362 1172 3430 enim
1216 3381 1322 3435 se,
1386 3363 1563 3432 omni
1606 3360 1686 3429 de
1726 3360 1871 3429 aliis
1918 3359 2111 3429 rebus
2135 3412 2155 3442 ,
2201 3381 2240 3429 a
2279 3357 2508 3451 laquie

189 3476 395 3560 alatis,
447 3480 831 3568 quaestione
873 3481 1186 3569 sepositA,
1225 3480 1305 3548 de
1342 3478 1494 3548 locis
1532 3478 1685 3547 solis
1704 3493 1752 3559 ,‘
1770 3479 1837 3545 in
1875 3479 2313 3550 Moslimorum
2355 3481 2505 3551 Gar·
2579 3477 2586 3484 ’

188 3599 450 3668 niuibus
486 3608 556 3668 et
582 3597 794 3668 Libris
829 3598 1064 3680 obviis,
1110 3573 1599 3696 acturum-esse.
1663 3599 1909 3666 Auctor
1932 3599 2135 3689 igitur
2157 3600 2506 3674 Nominum
2575 3635 2582 3640 ·

187 3718 684 3811 mboqrophiam
734 3718 1089 3798 describit,
1137 3727 1205 3787 et
1245 3719 1456 3785 varias
1488 3715 1608 3786 hac
1656 3716 1736 3785 de
1778 3737 1850 3785 re
1906 3722 2237 3790 sententias
2284 3722 2506 3791 refert.

188 3837 373 3908 Saum
436 3838 730 3907 locorum
793 3836 1025 3908 deinde
1077 3836 1437 3926 significat,
1505 3855 1631 3903 non
1695 3841 1952 3916 tamen,
2022 3846 2096 3907 ut
2152 3838 2511 3910 Abu’l-feda·

189 3956 407 4047 aliique
429 4008 453 4037 ,
504 3956 833 4027 addendis
897 3958 1301 4047 lonqitudinis
1324 3955 1816 4045 ,latitudinisque
1875 3957 2211 4045 yradibus,
2280 3954 2395 4024 sed
2436 3965 2512 4022 ut

194 4073 478 4144 Ll-ldnsi
515 4095 577 4144 v,
603 4096 666 4148 c.
687 4126 707 4155 ,
754 4073 1034 4156 notanda
1075 4075 1364 4146 locorum
1403 4075 1486 4142 ah
1530 4074 1672 4146 aliis
1708 4075 1867 4145 locis
1901 4076 2223 4148 distantia.
2315 4073 2513 4142 Porro

262 4281 314 4350 a)
354 4276 528 4354 Qu-
568 4298 730 4340 nsum
769 4299 829 4340 ea
870 4278 1126 4346 Carmina
1160 4287 1433 4361 praestare
1469 4282 1704 4362 possint,
1746 4245 1922 4341 'verbo‘
1954 4277 2185 4340 indicavi
2224 4263 2289 4340 in
2328 4280 2514 4344 Intro·-

200 4380 424 4448 iuuene
459 4388 522 4448 ad
564 4389 721 4450 Zam-
763 4409 817 4468 p.
843 4386 899 4449 8.
2237 4447 2246 4454 .

2075 4493 2107 4535 3
2223 4504 2228 4509 .
