2800 5267
1443 422 1619 476 XLIV

362 610 559 680 quem
581 590 850 662 Librum
880 592 1331 676 conscribens,
1364 595 1709 668 consilium
1752 594 1975 668 inierit
1996 595 2101 664 sui
2146 590 2408 693 manga-ti
2451 610 2707 682 compo·

360 718 585 792 nendi.
658 719 757 792 Ab
788 741 867 791 eo
880 720 1017 811 jam
1044 730 1411 813 exspectes,
1434 724 1706 815 Aeqypa‘
1725 721 2197 814 Geographiam
2221 721 2447 791 saltem
2471 721 2713 791 melius

364 837 871 931 diligentiusque
896 881 921 922 ,-
956 859 1156 930 quam
1194 861 1234 910 a
1277 841 1514 913 Nostro
1558 851 2025 934 pertractatam
2067 842 2301 922 fuisse,
2342 843 2473 930 qua
2521 839 2607 908 de
2640 859 2712 908 re

361 977 513 1030 mox
551 958 739 1049 plura
781 959 1056 1032 dicenda
1096 968 1272 1030 sunt.
1366 962 1512 1031 Alia
1543 962 1776 1033 deinde
1820 984 1900 1032 ex
1943 962 2166 1052 qun’ei
2207 959 2464 1062 Oia-Lm
2506 978 2713 1061 ’,ξω

360 1084 605 1158 ibidem
649 1091 1027 1180 apposuisse
1054 1090 1355 1173 videtur,
1396 1111 1526 1180 qno
1545 1090 1874 1174 Libro,ut
1907 1080 2094 1169 ER.
2147 1089 2259 1181 (1,
2304 1110 2369 1179 p.
2393 1085 2556 1179 4156)
2583 1137 2603 1166 ,
2645 1094 2712 1156 ct

362 1205 488 1276 loci
519 1209 851 1278 innumeri
881 1207 1382 1281 Lobbo'l-lobabi
1431 1211 1591 1304 (vid.
1616 1234 1676 1281 v.
1704 1234 1762 1282 c.
1810 1213 1880 1281 in
1917 1232 1981 1280 v.
2010 1208 2297 1320 uffijdl)
2346 1215 2710 1287 testantur,

361 1334 445 1405 ad
484 1336 884 1408 assam-suti
919 1346 987 1407 et
1005 1337 1424 1409 ‘Ibno'l-Aiini
1462 1361 1716 1411 errores
1753 1336 2170 1427 corrigendos
2193 1387 2212 1417 ‚
2259 1336 2350 1405 ibi
2385 1356 2551 1413 usus
2589 1342 2710 1404 est.

358 1455 722 1528 nolendum
766 1477 957 1547 ergo,
998 1459 1356 1550 Ἀι-Βοὶῡῐιί
1396 1462 1656 1563 ‘Mb-³⁸
1678 1510 1697 1540 ,
1740 1459 1982 1528 librum
2007 1509 2028 1539 ,
2074 1466 2150 1525 ut
2196 1477 2276 1525 ex
2322 1455 2520 1524 dictis
2564 1473 2707 1523 con·

350 1584 712 1676 jiciendum
749 1597 884 1670 est,
929 1590 1208 1682 alicujus
1246 1594 1476 1682 pretii,
1523 1590 1811 1660 nondum
1849 1611 1993 1660 esse
2034 1595 2387 1678 repertum.

447 1704 598 1775 Alia
636 1706 915 1797 denique
949 1720 1106 1782 sunt
1143 1718 1563 1800 argumenta,
1598 1709 1839 1800 quibus
1875 1708 2227 1799 probatur,
2272 1704 2705 1794 :as-Somnum

356 1823 626 1896 Libmm
662 1838 948 1897 norman
992 1832 1264 1899 scribere
1306 1853 1434 1899 non
1469 1831 1766 1922 potuisse.
1810 1865 1888 1882 -
1925 1829 2053 1913 Qui
2091 1825 2496 1896 contendunt
2511 1875 2532 1905 ,
2568 1844 2704 1892 eum

358 1943 541 2013 Libri
586 1964 728 2015 esse
770 1947 1120 2019 Auctorem
1143 2002 1161 2028 ‚
1228 1948 1555 2020 adducent
1618 1948 1892 2017 fortasse
1951 1949 2125 2017 locos
2187 1943 2549 2037 permultos
2573 1994 2591 2023 ,
2637 1943 2702 2009 in

358 2061 598 2150 quibus
652 2063 735 2133 de
777 2065 1071 2158 Aeqypto
1112 2089 1329 2138 sermo
1376 2068 1452 2137 fit
1475 2119 1496 2148 ,
1557 2087 1796 2157 eosque
1840 2066 2224 2157 praesertim
2249 2116 2270 2146 ,
2315 2063 2431 2133 ubi
2476 2062 2561 2132 de
2610 2080 2700 2128 re-

354 2180 480 2249 bus
539 2183 943 2277 Aeqyptiacis
1000 2192 1147 2279 susc
1212 2189 1462 2278 agitur.
1556 2185 1682 2256 Sed
1743 2187 1815 2260 hi
1869 2186 1996 2256 loci
2075 2207 2205 2255 non
2252 2182 2438 2256 Libri
2501 2179 2700 2251 nostri

352 2301 657 2386 Auctori,
712 2306 828 2376 sed
872 2308 1104 2397 quuto
1160 2306 1577 2387 tribuantur,
1638 2327 1718 2378 ex
1773 2307 1967 2396 cujus
2007 2305 2215 2397 Opere
2259 2304 2509 2393 majore
2552 2306 2700 2370 sunt

350 2424 662 2513 excerpti.
760 2426 855 2495 De
894 2427 1177 2519 Aeqypto
1225 2430 1422 2519 018un
1478 2428 1688 2496 fontes
1733 2425 2102 2506 consuluit,
2145 2422 2354 2492 multa
2398 2425 2697 2492 accurate

342 2548 415 2607 el.
454 2541 703 2631 prolixe
736 2553 1103 2618 narrantes.
1195 2547 1649 2616 Nihilominus·
1674 2546 1743 2614 iu
1779 2546 1856 2616 eu
1890 2565 2112 2614 rerum
2153 2542 2696 2635 Aegyptiacarum

345 2660 531 2747 copia
556 2711 576 2740 ,
621 2660 797 2731 baud
828 2682 1037 2752 pauca
1074 2673 1295 2735 tamen
1335 2665 1610 2743 desunt,
1661 2672 1728 2733 et
1762 2667 1834 2733 in
1877 2665 1981 2734 bis
2018 2663 2331 2735 nonnulla
2354 2713 2374 2743 ,
2421 2680 2592 2751 quae
2631 2657 2694 2724 in

348 2776 873 2850 Lobbo’l-lobabo
921 2783 1139 2873 (quem
1183 2785 1449 2855 Librum
1497 2787 1655 2854 antc‘
1702 2785 1909 2875 ipsius
1949 2783 2208 2885 amisii
2256 2782 2695 2871 conscriptum

347 2924 492 2975 esse
531 2904 840 3001 vidimus)
888 2921 1045 2981 sunt
1081 2922 1340 2997 notata,
1385 2925 1455 2986 at
1488 2919 1558 2985 in
1604 2922 1826 2985 nostro
1861 2913 2056 2983 Libro
2101 2912 2578 2984 desiderantur.
2612 2944 2695 2959 -

349 3023 530 3093 Talia
554 3046 771 3098 nonne
801 3030 1239 3122 As-Sojuuus,
1263 3038 1321 3104 si
1346 3044 1649 3105 nostrum
1672 3034 1944 3103 Librum
1980 3033 2387 3122 scripsisset,
2414 3031 2573 3101 huic
2603 3029 2694 3096 in·

348 3146 711 3220 seruisset?
755 3146 982 3220 Nonne
1001 3173 1065 3221 v.
1091 3173 1149 3222 c.
1175 3155 1487 3225 credibile
1506 3206 1526 3236 ,
1549 3175 1701 3224 eum
1724 3152 1806 3222 de
1825 3153 1982 3222 urbe
2013 3152 2215 3220 natali
2239 3156 2460 3245 ,ὲν-,μὶ
2491 3151 2563 3218 ἰιι
2584 3166 2694 3216 suo

343 3275 539 3345 Libro
557 3276 857 3367 pluribus
885 3280 1127 3369 egisse,
1165 3293 1231 3354 et
1268 3286 1514 3353 vatiam
1554 3283 1826 3353 amnis
1863 3283 2327 3373 pronunciandi
2345 3282 2692 3354 rationem,

344 3425 513 3491 utin
537 3417 1086 3510 Lobbo’l-lobabo',
1134 3433 1574 3521 significasse,
1620 3430 1892 3500 formam
1935 3429 2166 3502 saltem
2210 3401 2456 3523 3222,
2506 3443 2692 3520 quam

342 3553 577 3622 Noster
621 3575 830 3645 neque
876 3559 943 3627 in
989 3558 1207 3631 Litera
1230 3562 1423 3653 Elis,
1470 3583 1678 3654 neque
1709 3564 1777 3632 in
1824 3563 2042 3633 Litera
2085 3562 2211 3630 Sin
2254 3557 2521 3639 attulit,
2566 3571 2688 3626 me·

341 3673 676 3743 morasse?
768 3675 937 3747 Num
985 3699 1179 3768 porro
1216 3681 1580 3770 As-Sojutl,
1626 3681 1708 3751 dc
1746 3681 2028 3772 Aeqypto
2071 3681 2396 3750 disserens
2419 3730 2438 3759 ,
2470 3674 2688 3744 dubius

343 3811 830 3898 nonnumquam
882 3796 984 3886 (ut
1030 3798 1098 3865 in
1146 3819 1206 3865 v.
1255 3800 1520 3903 ‘DJ-³)
1569 3799 1929 3881 haesisset,
1989 3799 2149 3889 quid
2193 3805 2363 3869 esset
2411 3803 2685 3864 statuen-

342 3918 547 3992 dum?
596 3940 674 3989 ac
717 3924 871 3991 vitia
915 3925 981 3992 in
1030 3929 1386 3996 nominibus
1429 3929 1861 4020 Aeqyptiacis,
1913 3930 2489 4020 Aeqyptiommque
2534 3926 2685 3993 loco·

339 4059 486 4106 rum
545 4037 979 4131 descriptione
1028 4064 1068 4112 a
1128 4045 1358 4137 qunfo
1406 4050 1753 4119 commissa
1785 4099 1804 4129 ,
1853 4057 1920 4117 et
1978 4069 2018 4122 a
2073 4048 2306 4118 Nostro
2374 4046 2644 4138 repetita
2666 4089 2684 4117 ,

342 4178 555 4227 nonne
615 4159 943 4251 ils-Sojutl
972 4157 1443 4236 emendasset?
1552 4169 1645 4237 De
1686 4168 1847 4238 locis
1906 4167 2141 4238 deinde
2186 4175 2370 4237 extra
2416 4159 2683 4256 Aegypti

344 4277 504 4346 fines
544 4280 691 4349 sitis
735 4282 794 4348 is
837 4280 962 4350 alia
999 4290 1196 4373 atque
1242 4287 1471 4356 Noster
1509 4309 1636 4356 non
1682 4299 1852 4356 raro·
1879 4294 2122 4358 monet.
2218 4288 2289 4356 In
2332 4309 2393 4354 v.
2423 4279 2679 4389 jas&

341 4403 571 4476 Noster
614 4406 916 4499 quotum
969 4413 1307 4497 emendat,
1358 4417 1484 4506 Soj.
1538 4421 1603 4486 in
1659 4415 1854 4494 Lobb.
1911 4416 2048 4506 ipsa
2094 4417 2312 4507 quut'i
2353 4415 2542 4487 verba
2591 4427 2678 4480 rc·
